@article{hamidouche2020covid,
  title={COVID-19 outbreak in Algeria: A mathematical model to predict the incidence},
  author={Hamidouche, Mohamed},
  journal={medRxiv},
  year={2020},
  publisher={Cold Spring Harbor Laboratory Press}
}
@article{silva2020covid,
  title={COVID-ABS: An agent-based model of COVID-19 epidemic to simulate health and economic effects of social distancing interventions},
  author={Silva, Petr{\^o}nio CL and Batista, Paulo VC and Lima, H{\'e}lder S and Alves, Marcos A and Guimar{\~a}es, Frederico G and Silva, Rodrigo CP},
  journal={Chaos, Solitons \& Fractals},
  volume={139},
  pages={110088},
  year={2020},
  publisher={Elsevier}
}
@article{sharma2020multi,
  title={Multi-agent system applications to fight COVID-19 pandemic},
  author={Sharma, Abhishek and Bahl, Shashi and Bagha, Ashok Kumar and Javaid, Mohd and Shukla, Dinesh Kumar and Haleem, Abid and others},
  journal={Apollo Medicine},
  volume={17},
  number={5},
  pages={41},
  year={2020},
  publisher={Medknow Publications}
}
@article{nanna2020multi,
  title={A Multi-Agent System for Simulating the Spread of a Contagious Disease},
  author={Nanna, Giuseppe Antonio and Quatraro, Nicola Flavio and De Carolis, Berardina},
  journal={Session 5: Agents \& Actors for Data Science 160},
  volume={1613},
  pages={119},
  year={2020}
}
@article{kamrujjaman2020pandemic,
  title={Pandemic and the dynamics of seir model: Case covid-19},
  author={Kamrujjaman, Md and Ghosh, Uttam and Islam, Md Shahidul},
  year={2020},
  publisher={Preprints}
}
@article{godio2020seir,
  title={SEIR modeling of the Italian epidemic of SARS-CoV-2 using computational swarm intelligence},
  author={Godio, Alberto and Pace, Francesca and Vergnano, Andrea},
  journal={International Journal of Environmental Research and Public Health},
  volume={17},
  number={10},
  pages={3535},
  year={2020},
  publisher={Multidisciplinary Digital Publishing Institute}
}
@article{sardar2004assessment,
  title={Assessment of 21 Days Lockdown Effect in Some States and Overall India: A Predictive Mathematical Study on COVID-19Outbreak, arXiv preprint 2020},
  author={Sardar, T and Nadim, SS and Chattopadhyay, J},
  journal={arXiv preprint arXiv:2004.03487 v1 [q-bio. PE]}
}
@article{ullah2020modeling,
  title={Modeling the impact of non-pharmaceutical interventions on the dynamics of novel coronavirus with optimal control analysis with a case study},
  author={Ullah, Saif and Khan, Muhammad Altaf},
  journal={Chaos, Solitons \& Fractals},
  volume={139},
  pages={110075},
  year={2020},
  publisher={Elsevier}
}
